<?xml version="1.0" encoding="UTF-8"?><record xmlns="http://www.loc.gov/MARC21/slim" xmlns:cinclude="http://apache.org/cocoon/include/1.0" xmlns:zs="http://www.loc.gov/zing/srw/">
  <leader>00768cz  a2200205n  4500</leader>
  <controlfield tag="001">nr 00032672 </controlfield>
  <controlfield tag="003">DLC</controlfield>
  <controlfield tag="005">20130320093741.0</controlfield>
  <controlfield tag="008">001017n| azannaabn          |a aaa     c</controlfield>
  <datafield tag="010" ind1=" " ind2=" ">
    <subfield code="a">nr 00032672 </subfield>
  </datafield>
  <datafield tag="040" ind1=" " ind2=" ">
    <subfield code="a">NIC</subfield>
    <subfield code="b">eng</subfield>
    <subfield code="e">rda</subfield>
    <subfield code="c">NIC</subfield>
    <subfield code="d">DLC</subfield>
  </datafield>
  <datafield tag="046" ind1=" " ind2=" ">
    <subfield code="s">1862</subfield>
    <subfield code="t">1878</subfield>
  </datafield>
  <datafield tag="100" ind1="1" ind2=" ">
    <subfield code="a">Deene, Kenner,</subfield>
    <subfield code="d">active 1862-1878</subfield>
  </datafield>
  <datafield tag="400" ind1="0" ind2=" ">
    <subfield code="a">Author of Little Miss Fairfax</subfield>
  </datafield>
  <datafield tag="400" ind1="1" ind2=" ">
    <subfield code="w">nnea</subfield>
    <subfield code="a">Deene, Kenner,</subfield>
    <subfield code="d">fl. 1862-1878</subfield>
  </datafield>
  <datafield tag="400" ind1="1" ind2=" ">
    <subfield code="a">Little Miss Fairfax, Author of</subfield>
  </datafield>
  <datafield tag="400" ind1="1" ind2=" ">
    <subfield code="a">Smith, Charlotte,</subfield>
    <subfield code="d">active 1862-1878</subfield>
  </datafield>
  <datafield tag="670" ind1=" " ind2=" ">
    <subfield code="a">Four schoolfellows, 1878:</subfield>
    <subfield code="b">t.p. (author of Little Miss Fairfax, Roke's wife, &amp;c.)</subfield>
  </datafield>
  <datafield tag="670" ind1=" " ind2=" ">
    <subfield code="a">Allibone's dict.</subfield>
    <subfield code="b">(Smith, Charlotte; published several novels under the name of Kenner Deene, the earliest in 1862)</subfield>
  </datafield>
  <datafield tag="675" ind1=" " ind2=" ">
    <subfield code="a">Sadleir, M. 19th cent. fiction</subfield>
  </datafield>
</record>